

@Misc{rplprotocol,
  author = 	 {T. Winter et. al},
  title = 	 {{RPL: IPv6 Routing Protocol for Low-Power and Lossy Networks}},
  howpublished = {RFC 6550},
  year = 	 2012,
  note = 	 {Internet Engineering Task Force}}

@InProceedings{NWPTpaper,
  author = 	 {K. Simonsen and L.M. Kristensen and E. Kindler},
  title = 	 {{Code Generation for Protocols from CPN Models Annotated with Pragmatics}},
  booktitle = {Proc. of NWPT'12},
  pages = 	 {46-48},
  year = 	 2012,
  volume = 	 403,
  series = 	 {Report in Informatics},
  publisher = {University of Bergen}}

@InProceedings{Accesscpn,
  author = 	 {M. Westergaard},
  title = 	 {{Access/CPN 2.0: A High-Level Interface to CPN Models}},
  booktitle = {Proc. of ICATPN'11},
  pages = 	 {328-337},
  year = 	 2011,
  volume = 	 6709,
  series = 	 {LNCS},
  publisher = {Springer}}

@MastersThesis{veisetthesis,
  author = 	 {V. Veiset},
  title = 	 {{An Approach to Semi-Automatic Code Generation for the TinyOS Platform
using Coloured Petri Nets}},
  school = 	 {Bergen University College},
  year = 	 2013}

@Article{CPNsttt,
  author = 	 {K. Jensen and L.M. Kristensen and L. Wells},
  title = 	 {{Coloured Petri Nets and CPN Tools for Modelling and Validation of Concurrent Systems}},
  journal = 	 {International Journal on Software Tools for Technology Transfer},
  year = 	 2007,
  volume = 	 9,
  number = 	 {3-4},
  pages = 	 {213-254}}

@Book{LevisTinyOS,
  author = 	 {P. Levis},
  title = 	 {TinyOS Programming},
  publisher = 	 {Cambridge University Press},
  year = 	 2009}


